
@Booklet{winbugs:2,
  title =        {{WinBUGS} User Manual, Version 2.0},
  author =       {D J Spiegelhalter and A Thomas and N Best and Dave Lunn},
  year =         {2004}
}

