% This file was created with JabRef 2.9.2.
% Encoding: Cp1252

@ARTICLE{Andrieu2010,
  author = {C. Andrieu and A. Doucet and R. Holenstein},
  title = {{Particle Markov chain Monte Carlo} methods},
  journal = {Journal of the Royal Statistical Society B},
  year = {2010},
  volume = {72},
  pages = {269-342}
}

@BOOK{Cappe2005,
  title = {Inference in hidden {M}arkov models},
  publisher = {Springer},
  year = {2005},
  author = {Capp{\'e}, O. and Moulines, E. and Ryd{\'e}n, T.}
}

@ARTICLE{Cappe2000,
  author = {O. Cappe and C.P. Robert},
  title = {{Markov Chain Monte Carlo: 10 years and Still Running!}},
  journal = {Journal of the American Statistical Association},
  year = {2000},
  volume = {95},
  pages = {1282-1286}
}

@ARTICLE{Caron2008,
  author = {Caron, Francois and Davy, Manuel and Doucet, Arnaud and Duflos, Emmanuel
	and Vanheeghe, Philippe},
  title = {Bayesian inference for linear dynamic models with Dirichlet process
	mixtures},
  journal = {IEEE Transactions on Signal Processing},
  year = {2008},
  volume = {56},
  pages = {71--84},
  number = {1},
  publisher = {IEEE}
}

@ARTICLE{Caron2012,
  author = {Caron, Fran{\c{c}}ois and Doucet, Arnaud and Gottardo, Raphael},
  title = {On-line changepoint detection and parameter estimation with application
	to genomic data},
  journal = {Statistics and Computing},
  year = {2012},
  volume = {22},
  pages = {579--595},
  number = {2},
  publisher = {Springer}
}

@BOOK{DelMoral2004,
  title = {Feynman-{K}ac formulae. Genealogical and interacting particle systems
	with application.},
  publisher = {Springer},
  year = {2004},
  author = {P. {Del Moral}}
}

@ARTICLE{Doucet2000,
  author = {Doucet, A. and Godsill, S. and Andrieu, C.},
  title = {On sequential {Monte Carlo} sampling methods for {B}ayesian filtering},
  journal = {Statistics and Computing},
  year = {2000},
  volume = {10},
  pages = {197--208},
  number = {3},
  publisher = {Springer}
}

@INCOLLECTION{Doucet2010,
  author = {A. Doucet and A.M. Johansen},
  title = {A tutorial on particle filtering and smoothing: fifteen years later},
  booktitle = {Oxford Handbook of Nonlinear Filtering},
  publisher = {Oxford University Press},
  year = {2010},
  editor = {D. Crisan and B. Rozovsky}
}

@ARTICLE{Fearnhead2004,
  author = {Fearnhead, P.},
  title = {Particle filters for mixture models with an unknown number of components},
  journal = {Statistics and Computing},
  year = {2004},
  volume = {14},
  pages = {11--21},
  number = {1},
  publisher = {Springer}
}

@ARTICLE{Fearnhead2007,
  author = {Fearnhead, P. and Liu, Z.},
  title = {On-line inference for multiple changepoint problems},
  journal = {Journal of the Royal Statistical Society: Series B (Statistical Methodology)},
  year = {2007},
  volume = {69},
  pages = {589--605},
  number = {4},
  publisher = {Wiley Online Library}
}

@ARTICLE{Gilks1994,
  author = {W.R. Gilks and A. Thomas and D.J. Spiegelhalter},
  title = {A language and program for complex {B}ayesian modelling},
  journal = {The Statistician},
  year = {1994},
  volume = {43},
  pages = {169-177}
}

@MISC{Thrust2010,
  author = {Jared Hoberock and Nathan Bell},
  title = {Thrust: A Parallel Template Library},
  year = {2010},
  note = {Version 1.2.1},
  url = {http://www.meganewtons.com/}
}

@ARTICLE{Johansen2009,
  author = {A.M. Johansen},
  title = {{SMCTC:Sequential Monte Carlo in C++}},
  journal = {Journal of Statistical Software},
  year = {2009},
  volume = {30},
  pages = {1-41}
}

@ARTICLE{Jordan2004,
  author = {Jordan, M. I.},
  title = {Graphical models},
  journal = {Statistical Science},
  year = {2004},
  volume = {19},
  pages = {140--155},
  publisher = {JSTOR}
}

@BOOK{Koller2009,
  title = {Probabilistic Graphical Models},
  publisher = {The MIT Press},
  year = {2009},
  author = {Daphne Koller and Nir Friedman}
}

@BOOK{Lauritzen1996,
  title = {Graphical Models},
  publisher = {Oxford Science Publications},
  year = {1996},
  author = {S.L. Lauritzen}
}

@TECHREPORT{Lee2009,
  author = {A. Lee},
  title = {On the utility of graphics cards to perform massively parallel simulation
	of advanced {Monte Carlo} methods},
  institution = {Department of Statistics, University of Oxford},
  year = {2009}
}

@BOOK{Liu2001,
  title = {{Monte Carlo} strategies in scientific computing},
  publisher = {Springer},
  year = {2001},
  author = {Liu, J.}
}

@BOOK{Lunn2012,
  title = {The {BUGS} Book: A Practical Introduction to Bayesian Analysis},
  publisher = {CRC Press/ Chapman and Hall},
  year = {2012},
  author = {D. Lunn and C. Jackson and N. Best and A. Thomas and D. Spiegelhalter}
}

@ARTICLE{Lunn2000,
  author = {D.J. Lunn and A. Thomas and N. Best and D. Spiegelhalter},
  title = {{WinBUGS} - a {B}ayesian modelling framework: Concepts, structure
	and extensibility},
  journal = {Statistics and Computing},
  year = {2000},
  volume = {10},
  pages = {325-337}
}

@PHDTHESIS{Murphy2002,
  author = {K.P. Murphy},
  title = {Dynamic {B}ayesian Networks: Representation, Inference and Learning},
  school = {University of California, Berkeley},
  year = {2002}
}

@TECHREPORT{Murray2013,
  author = {L. Murray},
  title = {Bayesian State-Space Modelling on High-Performance Hardware Using
	LibBi},
  institution = {CSIRO},
  year = {2013},
  note = {Arxiv:1306.3277}
}

@INPROCEEDINGS{Plummer2003,
  author = {M. Plummer},
  title = {{JAGS}: A program for analysis of {B}ayesian graphical models using
	{G}ibbs sampling},
  booktitle = {Proceedings of the 3rd International Workshop on Distributed Statistical
	Computing},
  year = {2003}
}

@BOOK{Robert2004,
  title = {{Monte Carlo} Statistical Methods},
  publisher = {Springer},
  year = {2004},
  author = {C.P. Robert and G. Casella}
}

@MISC{Stan2013,
  author = {{Stan Development Team}},
  title = {Stan: A C++ Library for Probability and Sampling, Version 2.1},
  year = {2013},
  url = {http://mc-stan.org/}
}

@MISC{Suchard2010,
  author = {M.A. Suchard and C. Holmes and M. West},
  title = {{Some of the What?, Why?, How?, Who? and Where? of Graphics Processing
	Unit Computing for Bayesian Analysis}},
  month = {March},
  year = {2010},
  note = {Published in the ISBA bulletin}
}

@ARTICLE{Suchard2010a,
  author = {M.A. Suchard and Q. Wang and C. Chan and J. Frelinger and A. Cron
	and M. West},
  title = {Understanding {GPU} Programming for Statistical Computation: Studies
	in Massively Parallel Massive Mixtures},
  journal = {Journal of Computational and Graphical Statistics},
  year = {2010},
  volume = {19},
  pages = {419-438}
}

@BOOK{Doucet2001,
  title = {Sequential {M}onte {C}arlo Methods in practice},
  publisher = {Springer-Verlag},
  year = {2001},
  editor = {A. Doucet and N. de Freitas and N. Gordon}
}

@BOOK{Gilks1995,
  title = {{Markov Chain Monte Carlo in Practice}},
  publisher = {Chapman \& Hall/CRC},
  year = {1995},
  editor = {W.R. Gilks and S. Richardson and D. Spiegelhalter}
}

@BOOK{Green2003,
  title = {Highly Structured Stochastic Systems},
  publisher = {Oxford University Press},
  year = {2003},
  editor = {P. J. Green and N. L. Hjort and S. Richardson}
}

@comment{jabref-meta: selector_publisher:}

@comment{jabref-meta: selector_author:}

@comment{jabref-meta: selector_journal:}

@comment{jabref-meta: selector_keywords:}

