% This file was created with JabRef 2.5.
% Encoding: Cp1252

@ARTICLE{Andrieu2010,
  author = {C. Andrieu and A. Doucet and R. Holenstein},
  title = {{Particle Markov chain Monte Carlo} methods},
  journal = {Journal of the Royal Statistical Society B},
  year = {2010},
  volume = {72},
  pages = {269-342}
}

@ARTICLE{Cappe2000,
  author = {O. Cappe and C.P. Robert},
  title = {{Markov Chain Monte Carlo: 10 years and Still Running!}},
  journal = {Journal of the American Statistical Association},
  year = {2000},
  volume = {95},
  pages = {1282-1286}
}

@BOOK{DelMoral2004,
  title = {Feynman-{K}ac formulae. Genealogical and interacting particle systems
	with application.},
  publisher = {Springer},
  year = {2004},
  author = {P. {Del Moral}}
}

@INCOLLECTION{Doucet2010,
  author = {A. Doucet and A.M. Johansen},
  title = {A tutorial on particle filtering and smoothing: fifteen years later},
  booktitle = {Oxford Handbook of Nonlinear Filtering},
  publisher = {Oxford University Press},
  year = {2010},
  editor = {D. Crisan and B. Rozovsky}
}

@ARTICLE{Gilks1994,
  author = {W.R. Gilks and A. Thomas and D.J. Spiegelhalter},
  title = {A language and program for complex {B}ayesian modelling},
  journal = {The Statistician},
  year = {1994},
  volume = {43},
  pages = {169-177}
}

@MISC{Thrust2010,
  author = {Jared Hoberock and Nathan Bell},
  title = {Thrust: A Parallel Template Library},
  year = {2010},
  note = {Version 1.2.1},
  url = {http://www.meganewtons.com/}
}

@ARTICLE{Johansen2009,
  author = {A.M. Johansen},
  title = {{SMCTC:Sequential Monte Carlo in C++}},
  journal = {Journal of Statistical Software},
  year = {2009},
  volume = {30},
  pages = {1-41}
}

@BOOK{Koller2009,
  title = {Probabilistic Graphical Models},
  publisher = {The MIT Press},
  year = {2009},
  author = {Daphne Koller and Nir Friedman}
}

@BOOK{Lauritzen1996,
  title = {Graphical Models},
  publisher = {Oxford Science Publications},
  year = {1996},
  author = {S.L. Lauritzen}
}

@TECHREPORT{Lee2009,
  author = {A. Lee},
  title = {On the utility of graphics cards to perform massively parallel simulation
	of advanced {Monte Carlo} methods},
  institution = {Department of Statistics, University of Oxford},
  year = {2009}
}

@ARTICLE{Lunn2000,
  author = {D.J. Lunn and A. Thomas and N. Best and D. Spiegelhalter},
  title = {{WinBUGS} - a {B}ayesian modelling framework: Concepts, structure
	and extensibility},
  journal = {Statistics and Computing},
  year = {2000},
  volume = {10},
  pages = {325-337}
}

@PHDTHESIS{Murphy2002,
  author = {K.P. Murphy},
  title = {Dynamic {B}ayesian Networks: Representation, Inference and Learning},
  school = {University of California, Berkeley},
  year = {2002}
}

@BOOK{Robert2004,
  title = {{Monte Carlo} Statistical Methods},
  publisher = {Springer},
  year = {2004},
  author = {C.P. Robert and G. Casella}
}

@MISC{Suchard2010,
  author = {M.A. Suchard and C. Holmes and M. West},
  title = {{Some of the What?, Why?, How?, Who? and Where? of Graphics Processing
	Unit Computing for Bayesian Analysis}},
  month = {March},
  year = {2010},
  note = {Published in the ISBA bulletin}
}

@ARTICLE{Suchard2010a,
  author = {M.A. Suchard and Q. Wang and C. Chan and J. Frelinger and A. Cron
	and M. West},
  title = {Understanding {GPU} Programming for Statistical Computation: Studies
	in Massively Parallel Massive Mixtures},
  journal = {Journal of Computational and Graphical Statistics},
  year = {2010},
  volume = {19},
  pages = {419-438}
}

@BOOK{Doucet2001,
  title = {Sequential {M}onte {C}arlo Methods in practice},
  publisher = {Springer-Verlag},
  year = {2001},
  editor = {A. Doucet and N. de Freitas and N. Gordon}
}

@BOOK{Gilks1995,
  title = {{Markov Chain Monte Carlo in Practice}},
  publisher = {Chapman \& Hall/CRC},
  year = {1995},
  editor = {W.R. Gilks and S. Richardson and D. Spiegelhalter}
}

@comment{jabref-meta: selector_publisher:}

@comment{jabref-meta: selector_author:}

@comment{jabref-meta: selector_journal:}

@comment{jabref-meta: selector_keywords:}

